<?xml version="1.0" encoding="UTF-8"?><collection xmlns="http://www.loc.gov/MARC21/slim"><record><leader>00447nam--2200169-i-4500</leader><controlfield tag="001">000041828</controlfield><controlfield tag="002">20161230</controlfield><controlfield tag="005">20161230201043</controlfield><controlfield tag="008">060222s1000------------r-----000-0-eng-d</controlfield><datafield ind1=" " ind2=" " tag="040"><subfield code="a">IFIN-HH</subfield></datafield><datafield ind1=" " ind2=" " tag="080"><subfield code="a">53(092)</subfield></datafield><datafield ind1="1" ind2=" " tag="100"><subfield code="a">Slater,John C</subfield></datafield><datafield ind1="1" ind2="0" tag="245"><subfield code="a">Solid-state and molecular theory: a scientific biography</subfield><subfield code="c">John c. slater</subfield></datafield><datafield ind1=" " ind2=" " tag="260"><subfield code="a">New York</subfield><subfield code="b">John Wiley</subfield><subfield code="c">1975</subfield></datafield><datafield ind1=" " ind2=" " tag="300"><subfield code="a">X+357 P</subfield></datafield><datafield ind1=" " ind2=" " tag="852"><subfield code="a">42968</subfield><subfield code="c">53</subfield></datafield><datafield ind1=" " ind2=" " tag="CAT"><subfield code="a">Sys</subfield><subfield code="c">20150324</subfield><subfield code="h">081338</subfield></datafield></record></collection>